<record><leader>00000cas a22000007a 4500</leader><controlfield tag="001">11107467</controlfield><controlfield tag="008">840830d18461847nyuwr ne      0   a0eng d</controlfield><datafield ind1=" " ind2=" " tag="010"><subfield code="a">sn 84031534 </subfield></datafield><datafield ind1=" " ind2=" " tag="040"><subfield code="a">NYG</subfield><subfield code="b">eng</subfield><subfield code="c">NYG</subfield><subfield code="d">NYS</subfield><subfield code="d">OCL</subfield><subfield code="d">OCLCQ</subfield><subfield code="d">OCLCF</subfield><subfield code="d">OCLCO</subfield></datafield><datafield ind1="1" ind2=" " tag="029"><subfield code="a">AU@</subfield><subfield code="b">000020121877</subfield></datafield><datafield ind1=" " ind2=" " tag="042"><subfield code="a">msc</subfield></datafield><datafield ind1=" " ind2=" " tag="043"><subfield code="a">n-us-ny</subfield></datafield><datafield ind1="0" ind2="0" tag="245"><subfield code="a">Trumansburg herald.</subfield></datafield><datafield ind1=" " ind2=" " tag="260"><subfield code="a">Trumansburg, N.Y. :</subfield><subfield code="b">S.M. Day,</subfield><subfield code="c">1846-</subfield></datafield><datafield ind1=" " ind2=" " tag="300"><subfield code="a">v.</subfield></datafield><datafield ind1=" " ind2=" " tag="310"><subfield code="a">Weekly</subfield></datafield><datafield ind1="0" ind2=" " tag="362"><subfield code="a">Vol. 1, no. 7 (Apr. 18, 1846)-v. 1, no. 52 (Feb. 27, 1847).</subfield></datafield><datafield ind1=" " ind2=" " tag="500"><subfield code="a">Published on Saturday.</subfield></datafield><datafield ind1=" " ind2=" " tag="500"><subfield code="a">"To raise the soul, by tender strokes of art; to guide the genius, and to mend the heart."</subfield></datafield><datafield ind1=" " ind2=" " tag="530"><subfield code="a">Available on microfilm from Micro Photo Division, Bell and Howell, Co.</subfield></datafield><datafield ind1=" " ind2="0" tag="651"><subfield code="a">Trumansburg (N.Y.)</subfield><subfield code="v">Newspapers.</subfield></datafield><datafield ind1=" " ind2="7" tag="655"><subfield code="a">Newspapers.</subfield><subfield code="2">fast</subfield><subfield code="0">(OCoLC)fst01423814</subfield></datafield><datafield ind1=" " ind2="7" tag="651"><subfield code="a">New York (State)</subfield><subfield code="z">Trumansburg.</subfield><subfield code="2">fast</subfield><subfield code="0">(OCoLC)fst01233036</subfield></datafield><datafield ind1=" " ind2=" " tag="752"><subfield code="a">United States</subfield><subfield code="b">New York</subfield><subfield code="c">Tompkins</subfield><subfield code="d">Trumansburg.</subfield></datafield><datafield ind1="0" ind2="0" tag="780"><subfield code="t">Herald (Trumansburg, N.Y.)</subfield><subfield code="w">(DLC)sn 84031533</subfield></datafield></record>